@ARTICLE{Byte:drivers,
	AUTHOR = "John Romkey and Sharon Fisher",
	TITLE  = "Packet Drivers",
	JOURNAL = "Byte",
	MONTH = May,
	YEAR = 1991,
	VOLUME = 16,
	NUMBER = 5,
	PAGES = "297 -- 306"
}

@ARTICLE{LAN:vis,
  AUTHOR = "Jan Vis",
  TITLE = "A Simple LAN Performance Measure",
  JOURNAL = "{ACM SIGCOMM}",
  YEAR = 1993,
  PAGES = "7 -- 11"
}

@ARTICLE{Bell:1,
  AUTHOR = "Ashok Erramilli, James Gordon, Walter Willinger",
  TITLE = "Applications of Fractals in Engineering for Realistic Traffic Processes",
  JOURNAL = "International Tele-traffic Conference",
  YEAR = 1994,
  VOLUME = 14,
  PAGES = "35 -- 44"
}

@ARTICLE{Bell:2,
  AUTHOR = "W E Leland and Walter Willinger and M S Taqqu and D V Wilson",
  TITLE = "Statistical Analysis and Stochastic Modeling of Self-Similar Data traffic",
  JOURNAL = "International Tele-traffic Conference",
  YEAR = 1994,
  VOLUME = 14,
  PAGES = "319 -- 328"
}

@ARTICLE{Bell:3,
  AUTHOR = "W E Leland and M S Taqqu and W Willinger and D V Wilson",
  TITLE = "On the self-similar nature of Ethernet traffic",
  JOURNAL = "{SIGCOMM} Symposium on communications Architectures Protocols",
  PAGES = "183 -- 193",
  PUBLISHER = "{ACM}",
  MONTH = "September",
  YEAR = 1993
}

@UNPUBLISHED{Bell:4,
  AUTHOR = "W E Leland and Walter Willinger and Murad S Taqqu and Daniel V Wilson",
  TITLE = "Ethernet Traffic is Self-Similar: Stochastic Modeling of Self-Similar Data Traffic",
  YEAR = 1993,
  MONTH = "March",
  ORGANISATION = "Bellcore",
  NOTE = "Unpublished draft"
}

@UNPUBLISHED{Bell:5,
  AUTHOR = "Ashok Erramilli and Walter Willinger",
  TITLE = "Fractal Properties in Packet Traffic Measurements",
  YEAR = 1993,
  ORGANISATION = "Bellcore",
  NOTE = "Unpublished draft"
}

@ARTICLE{HAP,
  AUTHOR = "Ying-Dar Jason Lin and Tzi-Chieh Tsai and San-Chiao Huang and Mario Gerla",
  TITLE = "{HAP}: A New Model for Packet Arrivals",
  JOURNAL = "{ACM SIGCOMM}",
  YEAR = 1993,
  PAGES = "212 -- 223"
}

@ARTICLE{Lowen:Fract,
  AUTHOR = "S B Lowen",
  TITLE = "Fractal Renewal Processes",
  JOURNAL = "Transactions on Information Theory",
  PUBLISHER = "{IEEE}",
  YEAR = 1993,
  MONTH = "September",
  VOLUME = 39,
  NUMBER = 5,
  PAGES = "1669 -- 1671"
}

@BOOK{AppleTalk:Apple,
  AUTHOR = "Gursharan S Sidhu, Richard F Andrews, Alan B Oppenheimer",
  TITLE = "Inside AppleTalk",
  PUBLISHER = "Addison Wesley",
  YEAR = "1989"
}

@INBOOK{Intel:8254,
  EDITOR = "Intel Corp.",
  TITLE = "Microsystems Components Handbook",
  YEAR = 1987,
  CHAPTER = 3,
  PAGES = "62 -- 81",
  PUBLISHER = "Intel Corp"
}

@INBOOK{Novell:IPX,
  EDITOR = "Novell Corp.",
  PUBLISHER = "Novell Corp.",
  TITLE = "NetWare Application Notes",
  MONTH = "September",
  YEAR = 1990,
  PAGES = "32 -- 50"
}

@TECHREPORT{SDSC:report,
  TITLE = "Analysis and Modeling of Wide-Area Networks:  Annual Status Report",
  AUTHOR = "Hans-Werner Braun and Bilal Chinoy and Kimberly C Claffy and George C Polyzos",
  INSTITUTION = "Applied Network Research, San Diago Supercomputer Center",
  YEAR = 1993,
  MONTH = "February"
}

@TECHREPORT{Digital:Ethernet,
  TITLE = "The {Ethernet}:  A Local Area Network Data Link Layer and Physical layer Specifications, Version 2.0",
  AUTHOR = "Digital Corp., Intel Corp., Xerox Corp.",
  MONTH = "February",
  YEAR = 1982,
  INSTITUTION = "Digital Corp., Intel Corp., Xerox Corp."
}

@TECHREPORT{IEEE:Ethernet,
  TITLE = "Carrier Sense Multiple Access with Collision Detection {(CSMA/CD)} Access Method and Physical Layer Specifications",
  YEAR = 1985,
  AUTHOR = "The Institution of Electrical and Electronic Engineers",
  INSTITUTION = "The Institution of Electrical and Electronic Engineers",
  NOTE = "American National Standards Institute ANSI/IEEE Std. 802.3-1985"
}

@TECHREPORT{IEEE:Tokenring,
  TITLE = "Token Ring Access Method and Physical Layer Specifications",
  YEAR = 1985,
  AUTHOR = "The Institution of Electrical and Electronic Engineers",
  INSTITUTION = "The Institution of Electrical and Electronic Engineers",
  NOTE = "American National Standards Institute ANSI/IEEE Std. 802.5-1985"
}

@TECHREPORT{RFC:1661,
  TITLE = "{RFC} 1661: The Point-to-Point Protocol ({PPP})",
  AUTHOR = "William Simpson",
  MONTH = "July",
  YEAR = 1994,
  INSTITUTION = "Internet Engineering Task Force"
}

@TECHREPORT{RFC:791,
  TITLE = "{RFC} 791: The Internet Protocol ({IP})",
  AUTHOR = "Jon Postel",
  MONTH = "September",
  YEAR = 1981,
  INSTITUTION = "Internet Engineering Task Force"
}

@TECHREPORT{RFC:1055,
  TITLE = "{RFC} 1055: Nonstandard for transmission of {IP} datagrams over serial lines ({SLIP})",
  AUTHOR = "J Romkey",
  MONTH = "June",
  YEAR = 1988,
  INSTITUTION = "Internet Engineering Task Force"
}

@TECHREPORT{RFC:1305,
 AUTHOR = "D Mills",
 TITLE = "{RFC} 1305:  Network Time Protocol (Version 3) Specification, Implementation and Analysis",
  MONTH = "March",
  Year = 1992,
  INSTITUTION = "Internet Engineering Task Force"
}


@BOOK{Grimmett,
  TITLE = "Probability and Random Processes",
  AUTHOR = "G R Grimmett, D R Stirzaker",
  YEAR = 1982,
  PUBLISHER = "Oxford Science publications"
}

@BOOK{Ross:stoch,
  TITLE = "Stochastic Processes",
  AUTHOR = "Sheldon M Ross",
  YEAR = 1983,
  PUBLISHER = "John Wiley & Sons"
}

@BOOK{Ross:prob,
  TITLE = "A first course in Probability",
  AUTHOR = "Sheldon M Ross",
  YEAR = 1988,
  PUBLISHER = "Macmillian"
}


@ARTICLE{Lowen:1,
  TITLE = "Doubly stochastic Poisson point process driven by fractal shot noise",
  AUTHOR = "S B Lowen, Malvin C Teich",
  YEAR = 1991,
  MONTH = "April",
  VOLUME = 43,
  NUMBER = 8,
  JOURNAL = "Physical Review A",
  PUBLISHER = "The American Physical Society"
}

@ARTICLE{Lowen:2,
  TITLE = "Fractal renewal processes generate 1/$f$ noise",
  AUTHOR = "S B Lowen, M C Teich",
  YEAR = 1993,
  MONTH = "February",
  VOLUME = 47,
  NUMBER = 2,
  JOURNAL = "Physical Review E",
  PUBLISHER = "The American Physical Society"
}

@ARTICLE{IEEE:Mandelbrot,
  TITLE = "Self-Similar Error Clusters in Communications Systems and the Concept of Conditional Stationarity",
  AUTHOR = "Benoit Mandelbrot",
  JOURNAL = "IEEE Transactions on Communication Technology",
  YEAR = 1965,
  MONTH = "March",
  VOLUME = 13,
  PAGES = "71 -- 90"
}

@MANUAL{IBM:pc1,
  TITLE = "Technical Reference Personal Computer",
  ORGANISATION = "International Business Machines Corp.",
  YEAR = 1984,
  MONTH = April
}

@MANUAL{IBM:pc2,
  TITLE = "Technical Reference Personal Computer AT",
  ORGANISATION = "International Business Machines Corp.",
  YEAR = 1984,
  MONTH = March
}

@BOOK{taqqu,
  TITLE = "Stable Non-{Gaussian} Random Processes",
  AUTHOR = "Gennady Samorodnitsky and Murad S Taqqu",
  YEAR = 1994,
  PUBLISHER = "Chapman \& Hall"
}
