@ARTICLE{LAN:vis,
  AUTHOR = "Jan Vis",
  TITLE = "A Simple LAN Performance Measure",
  JOURNAL = "ACM SIGCOMM",
  YEAR = 1993
}
